@TECHREPORT{Wiener94efficientdes,
    author = {Michael J. Wiener},
    title = {Efficient DES key search},
    institution = {School of Computer Science, Carleton University},
    year = {1994}
}

@article{Diffie1977SpecialFE,
  title={Special Feature Exhaustive Cryptanalysis of the NBS Data Encryption Standard},
  author={W. Diffie and M. Hellman},
  journal={Computer},
  year={1977},
  volume={10},
  pages={74-84}
}

@inproceedings{Kumar2011InvestigationsIB,
  title={Investigations in Brute Force Attack on Cellular Security Based on Des and Aes},
  author={N. Kumar},
  year={2011}
}

@article{article,
    author = {Curtin, Matt and Dolske, Justin},
    year = {2001},
    month = {03},
    pages = {},
    title = {A Brute Force Search of DES Keyspace}
}

@Inbook{Nakahara2018,
    author="Nakahara, Jorge",
    title="Attacks",
    bookTitle="Lai-Massey Cipher Designs: History, Design Criteria and Cryptanalysis",
    year="2018",
    publisher="Springer International Publishing",
    address="Cham",
    pages="117--604",
    abstract="This chapter presents an overview of old and new attacks that have (or not) been reported in the literature against PES, IDEA, the MESH ciphers and other Lai-Massey ciphers described in Chap. 2.",
    isbn="978-3-319-68273-0",
    doi="10.1007/978-3-319-68273-0_3",
    url="https://doi.org/10.1007/978-3-319-68273-0_3"
}


